<?xml version="1.0" encoding="UTF-8" ?>
<collection xmlns:xsi="http://www.w3.org/2001/XMLSchema-instance" xsi:schemaLocation="http://www.loc.gov/MARC21/slim http://www.loc.gov/standards/marcxml/schema/MARC21slim.xsd" xmlns="http://www.loc.gov/MARC21/slim">
   <record>
      <leader>     cam a22      a 4500</leader>
      <controlfield tag="001">1674736</controlfield>
      <controlfield tag="003">COO</controlfield>
      <controlfield tag="005">20130330173218.0</controlfield>
      <controlfield tag="008">900417s1909    le            000 0 ara d</controlfield>
      <datafield tag="035" ind1=" " ind2=" ">
         <subfield code="a">(NIC)notisAHW2228</subfield>
      </datafield>
      <datafield tag="035" ind1=" " ind2=" ">
         <subfield code="a">(OCoLC)60510312</subfield>
      </datafield>
      <datafield tag="035" ind1=" " ind2=" ">
         <subfield code="a">1674736</subfield>
      </datafield>
      <datafield tag="040" ind1=" " ind2=" ">
         <subfield code="a">NIC</subfield>
         <subfield code="c">NIC</subfield>
      </datafield>
      <datafield tag="043" ind1=" " ind2=" ">
         <subfield code="a">a-le---</subfield>
         <subfield code="a">ma-----</subfield>
      </datafield>
      <datafield tag="100" ind1="1" ind2=" ">
         <subfield code="a">Isḥāq, Adīb,</subfield>
         <subfield code="d">1856-1885.</subfield>
      </datafield>
      <datafield tag="240" ind1="1" ind2="0">
         <subfield code="a">Works.</subfield>
         <subfield code="k">Selections.</subfield>
         <subfield code="k">1909</subfield>
      </datafield>
      <datafield tag="245" ind1="1" ind2="3">
         <subfield code="a">al-Durar :</subfield>
         <subfield code="b">wa-hiya muntakhabāt al-ṭayyib al-dhikr, al-khālid al-athar, al-kātib wa-al-shāʻir wa-al-khaṭīb al-marḥūm Adīb Isḥaq /</subfield>
         <subfield code="c">[Adīb Isḥāq] ; jamaʻahā min āthārihi al-maṭbūʻah wa-al-makhṭūṭah ʻAwnī Isḥāq.</subfield>
      </datafield>
      <datafield tag="260" ind1=" " ind2=" ">
         <subfield code="a">[Beirut :</subfield>
         <subfield code="b">s.n.,</subfield>
         <subfield code="c">1909]</subfield>
         <subfield code="e">(Bayrūt :</subfield>
         <subfield code="f">al-Maṭbaʻah al-Adabīyah,</subfield>
         <subfield code="c">1909)</subfield>
      </datafield>
      <datafield tag="300" ind1=" " ind2=" ">
         <subfield code="a">616 p. ;</subfield>
         <subfield code="c">24 cm.</subfield>
      </datafield>
      <datafield tag="500" ind1=" " ind2=" ">
         <subfield code="a">&quot;Taḥtawī ʻalá tarjamat ḥālihi wa-aqwāl al-jarāʼid fīhi wa-marāthī al-shuʻarāʼ wa-muntakhabāt khuṭabihi wa-rasāʼilihi wa-qaṣāʼidihi wa-riwāyātihi wa-maqālātihi al-siyāsīyah wa-al-adabīyah mimmā ṭubiʻa min qabl wa-mimmā lam yatayassar ṭabʻuhu illā baʻda iʻlān al-dustūr.&quot;</subfield>
      </datafield>
      <datafield tag="600" ind1="1" ind2="0">
         <subfield code="a">Isḥāq, Adīb,</subfield>
         <subfield code="d">1856-1885.</subfield>
      </datafield>
      <datafield tag="650" ind1=" " ind2="0">
         <subfield code="a">Politicians</subfield>
         <subfield code="x">Lebanon</subfield>
         <subfield code="x">Biography</subfield>
      </datafield>
      <datafield tag="650" ind1=" " ind2="0">
         <subfield code="a">Journalism</subfield>
         <subfield code="z">Arab countries.</subfield>
      </datafield>
      <datafield tag="905" ind1=" " ind2=" ">
         <subfield code="a">19910404120000.0</subfield>
      </datafield>
      <datafield tag="948" ind1="2" ind2=" ">
         <subfield code="a">20100326</subfield>
         <subfield code="b">m</subfield>
         <subfield code="d">batch</subfield>
         <subfield code="e">lts</subfield>
         <subfield code="x">del9XXtxt</subfield>
      </datafield>
      <datafield tag="995" ind1=" " ind2=" ">
         <subfield code="a">Hivolm</subfield>
         <subfield code="d">20100326</subfield>
      </datafield>
      <datafield tag="903" ind1=" " ind2=" ">
         <subfield code="a">NYUACO</subfield>
         <subfield code="d">20131119</subfield>
         <subfield code="p">31924059065460</subfield>
      </datafield>
      <datafield tag="950" ind1=" " ind2=" ">
         <subfield code="a">PJ7838.S519</subfield>
         <subfield code="b">A6 1909</subfield>
         <subfield code="v"> </subfield>
      </datafield>
   </record>
</collection>
